@article{srgan,
  author    = {Christian Ledig and
               Lucas Theis and
               Ferenc Huszar and
               Jose Caballero and
               Andrew P. Aitken and
               Alykhan Tejani and
               Johannes Totz and
               Zehan Wang and
               Wenzhe Shi},
  title     = {Photo-Realistic Single Image Super-Resolution Using a Generative Adversarial
               Network},
  journal   = {CoRR},
  volume    = {abs/1609.04802},
  year      = {2016},
  url       = {http://arxiv.org/abs/1609.04802},
  archivePrefix = {arXiv},
  eprint    = {1609.04802},
  timestamp = {Mon, 13 Aug 2018 16:48:38 +0200},
  biburl    = {https://dblp.org/rec/bib/journals/corr/LedigTHCATTWS16},
  bibsource = {dblp computer science bibliography, https://dblp.org}
}

@misc{tensorflow,
  title={ {TensorFlow}: Large-Scale Machine Learning on Heterogeneous Systems},
  url={https://www.tensorflow.org/},
  note={Software available from tensorflow.org},
  author={
    Mart\'{\i}n~Abadi and
    Ashish~Agarwal and
    Paul~Barham and
    Eugene~Brevdo and
    Zhifeng~Chen and
    Craig~Citro and
    Greg~S.~Corrado and
    Andy~Davis and
    Jeffrey~Dean and
    Matthieu~Devin and
    Sanjay~Ghemawat and
    Ian~Goodfellow and
    Andrew~Harp and
    Geoffrey~Irving and
    Michael~Isard and
    Yangqing Jia and
    Rafal~Jozefowicz and
    Lukasz~Kaiser and
    Manjunath~Kudlur and
    Josh~Levenberg and
    Dandelion~Man\'{e} and
    Rajat~Monga and
    Sherry~Moore and
    Derek~Murray and
    Chris~Olah and
    Mike~Schuster and
    Jonathon~Shlens and
    Benoit~Steiner and
    Ilya~Sutskever and
    Kunal~Talwar and
    Paul~Tucker and
    Vincent~Vanhoucke and
    Vijay~Vasudevan and
    Fernanda~Vi\'{e}gas and
    Oriol~Vinyals and
    Pete~Warden and
    Martin~Wattenberg and
    Martin~Wicke and
    Yuan~Yu and
    Xiaoqiang~Zheng},
  year={2015},
}
